@article{Neese2022ORCA,
	doi = {10.1002/wcms.1606},
	url = {https://doi.org/10.1002.2Fwcms.1606},
	year = 2022,
	month = {mar},
	publisher = {Wiley},
	volume = {12},
	number = {5},
	author = {Frank Neese},
	title = {Software update: The {ORCA} program systemâ€”Version 5.0},
	journal = {WIREs Computational Molecular Science}
}



@article{Neese2020Orca,
	doi = {10.1063/5.0004608},
	url = {https://doi.org/10.1063.2F5.0004608},
	year = 2020,
	month = {jun},
	publisher = {{AIP} Publishing},
	volume = {152},
	number = {22},
	pages = {224108},
	author = {Frank Neese and Frank Wennmohs and Ute Becker and Christoph Riplinger},
	title = {The {ORCA} quantum chemistry program package},
	journal = {J. Chem. Phys.}
}
